%% % Articoli esempio
%% @article{
%%   Tristano2020,
%%   Author = {T. Munini},
%%   Title = {The Monster Hunting Era},
%%   Journal = {The Hunter Catalog},
%%   Volume = {5},
%%   Pages = {9-19},
%%   Year = {2020},
%% }
%% 
%% @article{einstein,
%%     author = "Albert Einstein",
%%     title = "{Zur Elektrodynamik bewegter K{\"o}rper}. ({German})
%%     [{On} the electrodynamics of moving bodies]",
%%     journal = "Annalen der Physik",
%%     volume = "322",
%%     number = "10",
%%     pages = "891--921",
%%     year = "1905",
%%     DOI = "http://dx.doi.org/10.1002/andp.19053221004",
%% }
%% 
%% @book{dirac,
%%     title = {The Principles of Quantum Mechanics},
%%     author = {Paul Adrien Maurice Dirac},
%%     isbn = {9780198520115},
%%     series = {International series of monographs on physics},
%%     year = {1981},
%%     publisher = {Clarendon Press},
%% }
%% 
%% @online{knuthwebsite,
%%     author = "Donald Knuth",
%%     title = "Knuth: Computers and Typesetting",
%%     url  = "http://www-cs-faculty.stanford.edu/~uno/abcde.html",
%%     addendum = "(accessed: 01.09.2016)",
%% }
%% 
%% @inbook{knuth-fa,
%%     author = "Donald E. Knuth",
%%     title = "Fundamental Algorithms",
%%     publisher = "Addison-Wesley",
%%     year = "1973",
%%     chapter = "1.2",
%% }


%%%%%%%%%%%%%%%%%%%%%%%%%%%%%%%%%%%%%%%%%%%%%%%%%%%%%%%%%%%%%%%%%%%%%%%%%%%%%%%%%%%%%%%%%%%%
%% Vera bibliografia %%%%%%%%%%%%%%%%%%%%%%%%%%%%%%%%%%%%%%%%%%%%%%%%%%%%%%%%%%%%%%%%%%%%%%%
%%%%%%%%%%%%%%%%%%%%%%%%%%%%%%%%%%%%%%%%%%%%%%%%%%%%%%%%%%%%%%%%%%%%%%%%%%%%%%%%%%%%%%%%%%%%


% SDF and RayTracing
@article{
  hart1996,
  Author = {Jhon C. Hart},
  Title = {Sphere tracing: a geometric method for antialiased ray tracing of implicit surfaces},
  Journal = {The Visual Computer},
  Year = {1996}
}

@online{
  scratch_sdf,
  title = "Rendering Implicit Surfaces and Distance Fields: Sphere Tracing",
  url  = "https://www.scratchapixel.com/lessons/advanced-rendering/rendering-distance-fields/introduction",
}

% SDF
@online{
  iquilez_sdf,
  title = "Distance Functions",
  url  = "https://www.iquilezles.org/www/articles/distfunctions/distfunctions.htm",
}

@online{
  iquilez_sdf_box,
  title = "Deriving the SDF of a Box",
  url  = "https://www.youtube.com/watch?v=62-pRVZuS5c",
}

% RayTracing
@book{
  rt_groundup,
  title = {Ray Tracing from the Ground Up},
  author = {Kevin Suffern},
  %isbn = {9780198520115},
  %series = {International series of monographs on physics},
  year = {2016},
  publisher = {A K Peters, Ltd.},
}

@article{
  rt_one_weekend,
  Author = {Peter Shirley},
  Title = {Ray Tracing in One Weekend},
  %Journal = {The Visual Computer},
  %Year = {1996}
}




% General Computer Graphics
@book{
  real_time_rendering,
  title = {Real-Time Rendering},
  author = {Tomas. Akenine et al.},
  %isbn = {9780198520115},
  %series = {International series of monographs on physics},
  %year = {2016},
  publisher = {CRC Press},
}
